@book{btree05,
  author = {Michael A. Bender, Erik D. Demaine, and Martin Farach-Colton},
  title = {Cache-oblivious B-trees},
  publisher = {SIAM Journal on Computing},
  volume = {35},
  number = {2},
  pages = {341-358},
  year = {2005}
}
